<?xml version="1.0" encoding="UTF-8"?><collection xmlns="http://www.loc.gov/MARC21/slim"><record><leader>00380nam--2200133-i-4500</leader><controlfield tag="001">000024607</controlfield><controlfield tag="002">20161230</controlfield><controlfield tag="005">20161230201035</controlfield><controlfield tag="008">060222s1000------------r-----000-0-eng-d</controlfield><datafield ind1=" " ind2=" " tag="080"><subfield code="a">539.2:530.145</subfield></datafield><datafield ind1=" " ind2=" " tag="100"><subfield code="a">Hund, Friedrich</subfield></datafield><datafield ind1=" " ind2=" " tag="245"><subfield code="a">Theorie des aufbaues de materie. mit 161 abildungen</subfield></datafield><datafield ind1=" " ind2=" " tag="260"><subfield code="a">Stuttgart, B.G.Teubner Verlagsgesellschaft, 1961, Viii + 313 P</subfield></datafield><datafield ind1=" " ind2=" " tag="852"><subfield code="a">76567</subfield></datafield></record></collection>